
@misc{time,
	title="Stopwatch [Эл. ресурс]",
	howpublished="Режим доступа: \url{https://clck.ru/32NCYi} (дата обращения: 13.10.2022)"
}

@misc{wind,
	title="Windows 11, version 22H2  [Эл. ресурс]",
	howpublished="Режим доступа: \url{https://clck.ru/32NCXx} (дата обращения: 14.10.2022)"
}

@misc{proc,
	title="Процессор Intel® Core™ i7 [Эл. ресурс]",
	howpublished="Режим доступа: \url{https://clck.ru/yeQa8} (дата обращения: 14.10.2022)"
}