@inbook{algos,
  author="Thomas H. Cormen",
  title="Introduction to Algorithms, 3rd Edition",
  publisher="MIT Press",
  chapter=2,
  pages="200 --- 204",
  language="english",
  year=2009
}

@article{ss,
author = {E.W. Dijkstra},
year = {1982},
title = {Smoothsort, an alternative for sorting in situ},
pages = {223---233},
volume = {1},
number = {3},
journal = {Science of Computer Programming},
language="english"
}

@misc{time,
	title="GetProcessTimes function [Эл. ресурс]",
	howpublished="Режим доступа: \url{https://clck.ru/32NCYi} (дата обращения: 13.10.2022)"
}

@misc{wind,
	title="Windows 11, version 22H2  [Эл. ресурс]",
	howpublished="Режим доступа: \url{https://clck.ru/32NCXx} (дата обращения: 14.10.2022)"
}

@misc{proc,
	title="Процессор Intel® Core™ i7 [Эл. ресурс]",
	howpublished="Режим доступа: \url{https://clck.ru/yeQa8} (дата обращения: 14.10.2022)"
}